@article{brysonmcdill,
    author={Maurice C. Bryson and William R. McDill},
    title={The Political Spectrum: A Bi-Dimensional Approach},
    journal={Rampart Journal of Individualist Thought},
    volume={IV},
    number={2},
    pages={19--26},
    year={1968}
}
@inbook{anderson,
    author={Christopher J. Anderson},
    title={How Electoral Systems Shape What Voters Think about Democracy},
    chapter={9},
    pages={201--236},
    booktitle={Duty and Choice: The Evolution of the Study of Voting and Voters},
    bookauthor={Loewen, P.J. and Rubenson, D.},
    isbn={9781442626645},
    year={2019},
    publisher={University of Toronto Press}
}
@article{aarts,
    author={Kees Aarts and Jacques Thomassen},
    title={Satisfaction with Democracy: Do Institutions Matter?},
    journal={Electoral Studies},
    volume={27},
    pages={5--18},
    year={2008},
    doi={10.1016/j.electstud.2007.11.005}
}
@inbook{przeworski,
    author={Adam Przeworski and Susan C. Stokes and Bernard Manin},
    title={Elections and Representation},
    chapter={1},
    pages={29--54},
    booktitle={Democracy, Accountability, and Representation},
    editor={Adam Przeworski and Susan C. Stokes and Bernard Manin},
    year={2019},
    isbn={9780521641531},
    publisher={Cambridge University Press},
    series={Cambridge Studies in the Theory of Democracy}
}
@misc{polcomp,
    author={politicalcompass.org},
    url={https://www.politicalcompass.org/},
    year={2022}
}
@misc{anes,
    author={ANES},
    year={2021},
    title={American National Election Studies (ANES) 2020 Time Series Study Full Release},
    organization={[dataset and documentation]},
    url={https://electionstudies.org/}
}
@misc{cses,
    author={CSES},
    title={Comparative Study of Electoral Systems (CSES) Integrated Module Dataset (IMD)},
    organization={[dataset and documentation]},
    year={2020},
    url={https://cses.org/}
}

@book{ideahand,
    author={Andrew Reynolds and Ben Reilly},
    title={The International IDEA Handbook of Electoral System Design},
    year={1997},
    publisher={International Institute for Democracy and Electoral Assistance}
}

@misc{astah,
  author = {astah}, 
  title = {astah Professinal},
  howpublished = {\url{https://astah.net/}},
  year={2020},
  version={8.3.0/b9757d},
  note = {Accessed: 2022-04-20}
}